@book{pendulum,
  author = {Miriam Webster},
  year = {2000},
  title = {Pendulum},
  publisher = {Miriam Webster's Collegiate Encyclopedia}
}
@book{2ndbook,
  author = {Marrison, Warren},
  year = {1948},
  title = {The Evolution of the Quartz Crystal Clock},
  publisher = {Bell System Technical Journal}
}